<record><leader>00000cas a22000007a 4500</leader><controlfield tag="001">18132856</controlfield><controlfield tag="008">880624d18921894lauwr ne      0    0eng d</controlfield><datafield ind1=" " ind2=" " tag="010"><subfield code="a">sn 88064520 </subfield></datafield><datafield ind1=" " ind2=" " tag="040"><subfield code="a">LNP</subfield><subfield code="b">eng</subfield><subfield code="c">LNP</subfield><subfield code="d">OCLCQ</subfield><subfield code="d">DLC</subfield><subfield code="d">OCLCQ</subfield></datafield><datafield ind1=" " ind2=" " tag="042"><subfield code="a">msc</subfield></datafield><datafield ind1="0" ind2=" " tag="130"><subfield code="a">Montgomery mail (Montgomery, La.)</subfield></datafield><datafield ind1="1" ind2="0" tag="245"><subfield code="a">Montgomery mail.</subfield></datafield><datafield ind1="1" ind2="3" tag="246"><subfield code="a">Weekly mail</subfield></datafield><datafield ind1=" " ind2=" " tag="260"><subfield code="a">Montgomery, Grant Parish, La. :</subfield><subfield code="b">W.L. Shackelford</subfield></datafield><datafield ind1=" " ind2=" " tag="300"><subfield code="a">v.</subfield></datafield><datafield ind1=" " ind2=" " tag="310"><subfield code="a">Weekly</subfield></datafield><datafield ind1="1" ind2=" " tag="362"><subfield code="a">Began in 1892?</subfield></datafield><datafield ind1="0" ind2=" " tag="362"><subfield code="a">-v. 2, no. 35 (Aug. 18, 1894).</subfield></datafield><datafield ind1=" " ind2=" " tag="588"><subfield code="a">Description based on: Vol. 1, no. 39 (Sept. 16, 1893).</subfield></datafield><datafield ind1=" " ind2="4" tag="651"><subfield code="a">Montgomery (La.)</subfield><subfield code="v">Newspapers.</subfield></datafield><datafield ind1=" " ind2=" " tag="752"><subfield code="a">United States</subfield><subfield code="b">Louisiana</subfield><subfield code="c">Grant</subfield><subfield code="d">Montgomery.</subfield></datafield><datafield ind1="0" ind2="0" tag="785"><subfield code="t">Louisiana populist</subfield><subfield code="x">2163-7113</subfield><subfield code="w">(DLC)sn 88071004</subfield><subfield code="w">(OCoLC)17435951</subfield></datafield><datafield ind1="1" ind2=" " tag="029"><subfield code="a">AU@</subfield><subfield code="b">000020521565</subfield></datafield></record>